<?xml version="1.0" encoding="UTF-8"?><record xmlns="http://www.loc.gov/MARC21/slim" xmlns:cinclude="http://apache.org/cocoon/include/1.0" xmlns:zs="http://www.loc.gov/zing/srw/">
  <leader>00700nz  a2200169n  4500</leader>
  <controlfield tag="001">no2002086529</controlfield>
  <controlfield tag="003">DLC</controlfield>
  <controlfield tag="005">20020921071100.0</controlfield>
  <controlfield tag="008">020920n| acannaabn          |a aaa     c</controlfield>
  <datafield tag="010" ind1=" " ind2=" ">
    <subfield code="a">no2002086529</subfield>
  </datafield>
  <datafield tag="035" ind1=" " ind2=" ">
    <subfield code="a">(OCoLC)oca05868589</subfield>
  </datafield>
  <datafield tag="040" ind1=" " ind2=" ">
    <subfield code="a">CLU</subfield>
    <subfield code="b">eng</subfield>
    <subfield code="c">CLU</subfield>
  </datafield>
  <datafield tag="053" ind1=" " ind2="0">
    <subfield code="a">PC3942.28.I62</subfield>
  </datafield>
  <datafield tag="100" ind1="1" ind2=" ">
    <subfield code="a">Ripoll, Ricard,</subfield>
    <subfield code="d">1959-</subfield>
  </datafield>
  <datafield tag="400" ind1="1" ind2=" ">
    <subfield code="a">Ripoll Villanueva, Ricard,</subfield>
    <subfield code="d">1959-</subfield>
  </datafield>
  <datafield tag="400" ind1="1" ind2=" ">
    <subfield code="a">Villanueva, Ricard Ripoll,</subfield>
    <subfield code="d">1959-</subfield>
  </datafield>
  <datafield tag="670" ind1=" " ind2=" ">
    <subfield code="a">Els encontres fortuiĚts, 2001:</subfield>
    <subfield code="b">t.p. (Ricard Ripoll) p. 2 of cover (Ricard Ripoll Villanueva; b. 1959 in Sueca, Spain; teaches French literature at the Universitat AutoĚnoma de Barcelona and is the director of Grup de Recerca sobre Escriptures Subversives (GRES); poet)</subfield>
  </datafield>
</record>